%YAML 1.1
%TAG !u! tag:unity3d.com,2011:
--- !u!1 &145300422844716976
GameObject:
  m_ObjectHideFlags: 0
  m_CorrespondingSourceObject: {fileID: 0}
  m_PrefabInstance: {fileID: 0}
  m_PrefabAsset: {fileID: 0}
  serializedVersion: 6
  m_Component:
  - component: {fileID: 6488278582837278281}
  m_Layer: 11
  m_Name: SubmodelS
  m_TagString: Untagged
  m_Icon: {fileID: 0}
  m_NavMeshLayer: 0
  m_StaticEditorFlags: 0
  m_IsActive: 1
--- !u!4 &6488278582837278281
Transform:
  m_ObjectHideFlags: 0
  m_CorrespondingSourceObject: {fileID: 0}
  m_PrefabInstance: {fileID: 0}
  m_PrefabAsset: {fileID: 0}
  m_GameObject: {fileID: 145300422844716976}
  m_LocalRotation: {x: 0, y: 0, z: 0, w: 1}
  m_LocalPosition: {x: 0, y: 0, z: 0}
  m_LocalScale: {x: 1, y: 1, z: 1}
  m_Children:
  - {fileID: 5341835980316964305}
  - {fileID: 1248123530913905485}
  - {fileID: 2681259132664839474}
  - {fileID: 1562680568225683301}
  - {fileID: 7366635052037280578}
  m_Father: {fileID: 8483289549724884266}
  m_RootOrder: 1
  m_LocalEulerAnglesHint: {x: 0, y: 0, z: 0}
--- !u!1 &171093593727853593
GameObject:
  m_ObjectHideFlags: 0
  m_CorrespondingSourceObject: {fileID: 0}
  m_PrefabInstance: {fileID: 0}
  m_PrefabAsset: {fileID: 0}
  serializedVersion: 6
  m_Component:
  - component: {fileID: 1857413514146161214}
  - component: {fileID: 6503965863264374022}
  - component: {fileID: 4658893437158562173}
  - component: {fileID: 8942444109807132025}
  m_Layer: 12
  m_Name: GridBlocker
  m_TagString: Untagged
  m_Icon: {fileID: 0}
  m_NavMeshLayer: 0
  m_StaticEditorFlags: 0
  m_IsActive: 1
--- !u!4 &1857413514146161214
Transform:
  m_ObjectHideFlags: 0
  m_CorrespondingSourceObject: {fileID: 0}
  m_PrefabInstance: {fileID: 0}
  m_PrefabAsset: {fileID: 0}
  m_GameObject: {fileID: 171093593727853593}
  m_LocalRotation: {x: 0, y: 0, z: 0, w: 1}
  m_LocalPosition: {x: 0, y: 0, z: 0}
  m_LocalScale: {x: 1, y: 1, z: 1}
  m_Children: []
  m_Father: {fileID: 8483289550295963392}
  m_RootOrder: 1
  m_LocalEulerAnglesHint: {x: 0, y: 0, z: 0}
--- !u!208 &6503965863264374022
NavMeshObstacle:
  m_ObjectHideFlags: 0
  m_CorrespondingSourceObject: {fileID: 0}
  m_PrefabInstance: {fileID: 0}
  m_PrefabAsset: {fileID: 0}
  m_GameObject: {fileID: 171093593727853593}
  m_Enabled: 1
  serializedVersion: 3
  m_Shape: 1
  m_Extents: {x: 0.375, y: 0.5, z: 0.375}
  m_MoveThreshold: 0.1
  m_Carve: 0
  m_CarveOnlyStationary: 1
  m_Center: {x: 0, y: 0.5, z: 0}
  m_TimeToStationary: 0.5
--- !u!114 &4658893437158562173
MonoBehaviour:
  m_ObjectHideFlags: 0
  m_CorrespondingSourceObject: {fileID: 0}
  m_PrefabInstance: {fileID: 0}
  m_PrefabAsset: {fileID: 0}
  m_GameObject: {fileID: 171093593727853593}
  m_Enabled: 1
  m_EditorHideFlags: 0
  m_Script: {fileID: 11500000, guid: 35e95dc5ff2b64380880dd7ac5922847, type: 3}
  m_Name: 
  m_EditorClassIdentifier: 
  m_Size: {x: 1, y: 1, z: 1}
  m_Center: {x: 0, y: 0.5, z: 0}
  m_Area: 3
  m_AffectedAgents: 00000000a98c17ec
--- !u!114 &8942444109807132025
MonoBehaviour:
  m_ObjectHideFlags: 0
  m_CorrespondingSourceObject: {fileID: 0}
  m_PrefabInstance: {fileID: 0}
  m_PrefabAsset: {fileID: 0}
  m_GameObject: {fileID: 171093593727853593}
  m_Enabled: 1
  m_EditorHideFlags: 0
  m_Script: {fileID: 11500000, guid: 4555f17f8626ccc468fdb1215e31ca47, type: 3}
  m_Name: 
  m_EditorClassIdentifier: 
--- !u!1 &1293607113475918148
GameObject:
  m_ObjectHideFlags: 0
  m_CorrespondingSourceObject: {fileID: 0}
  m_PrefabInstance: {fileID: 0}
  m_PrefabAsset: {fileID: 0}
  serializedVersion: 6
  m_Component:
  - component: {fileID: 1560724137827175707}
  - component: {fileID: 2083824026969336985}
  m_Layer: 12
  m_Name: Socket (3)
  m_TagString: Untagged
  m_Icon: {fileID: 0}
  m_NavMeshLayer: 0
  m_StaticEditorFlags: 0
  m_IsActive: 1
--- !u!4 &1560724137827175707
Transform:
  m_ObjectHideFlags: 0
  m_CorrespondingSourceObject: {fileID: 0}
  m_PrefabInstance: {fileID: 0}
  m_PrefabAsset: {fileID: 0}
  m_GameObject: {fileID: 1293607113475918148}
  m_LocalRotation: {x: -0, y: 0.7071066, z: -0, w: -0.707107}
  m_LocalPosition: {x: 0.5, y: 0, z: 0}
  m_LocalScale: {x: 1, y: 1, z: 1}
  m_Children: []
  m_Father: {fileID: 8483289550295963392}
  m_RootOrder: 5
  m_LocalEulerAnglesHint: {x: 0, y: -450, z: 0}
--- !u!114 &2083824026969336985
MonoBehaviour:
  m_ObjectHideFlags: 0
  m_CorrespondingSourceObject: {fileID: 0}
  m_PrefabInstance: {fileID: 0}
  m_PrefabAsset: {fileID: 0}
  m_GameObject: {fileID: 1293607113475918148}
  m_Enabled: 1
  m_EditorHideFlags: 0
  m_Script: {fileID: 11500000, guid: 2caf8d7088c83b646af35753007ac7ed, type: 3}
  m_Name: 
  m_EditorClassIdentifier: 
  Type: 0
--- !u!1 &3663704136799652398
GameObject:
  m_ObjectHideFlags: 0
  m_CorrespondingSourceObject: {fileID: 0}
  m_PrefabInstance: {fileID: 0}
  m_PrefabAsset: {fileID: 0}
  serializedVersion: 6
  m_Component:
  - component: {fileID: 5305461390107597584}
  m_Layer: 11
  m_Name: SubmodelW
  m_TagString: Untagged
  m_Icon: {fileID: 0}
  m_NavMeshLayer: 0
  m_StaticEditorFlags: 0
  m_IsActive: 0
--- !u!4 &5305461390107597584
Transform:
  m_ObjectHideFlags: 0
  m_CorrespondingSourceObject: {fileID: 0}
  m_PrefabInstance: {fileID: 0}
  m_PrefabAsset: {fileID: 0}
  m_GameObject: {fileID: 3663704136799652398}
  m_LocalRotation: {x: 0, y: 0, z: 0, w: 1}
  m_LocalPosition: {x: 0, y: 0, z: 0}
  m_LocalScale: {x: 1, y: 1, z: 1}
  m_Children:
  - {fileID: 1727797086584532074}
  - {fileID: 6787452025896205745}
  - {fileID: 2010202062820430009}
  - {fileID: 5950310300292235796}
  m_Father: {fileID: 8483289549724884266}
  m_RootOrder: 2
  m_LocalEulerAnglesHint: {x: 0, y: 0, z: 0}
--- !u!1 &4168887480168153353
GameObject:
  m_ObjectHideFlags: 0
  m_CorrespondingSourceObject: {fileID: 0}
  m_PrefabInstance: {fileID: 0}
  m_PrefabAsset: {fileID: 0}
  serializedVersion: 6
  m_Component:
  - component: {fileID: 5933466997903758072}
  - component: {fileID: 6292622416414721557}
  m_Layer: 12
  m_Name: Socket (2)
  m_TagString: Untagged
  m_Icon: {fileID: 0}
  m_NavMeshLayer: 0
  m_StaticEditorFlags: 0
  m_IsActive: 1
--- !u!4 &5933466997903758072
Transform:
  m_ObjectHideFlags: 0
  m_CorrespondingSourceObject: {fileID: 0}
  m_PrefabInstance: {fileID: 0}
  m_PrefabAsset: {fileID: 0}
  m_GameObject: {fileID: 4168887480168153353}
  m_LocalRotation: {x: -0, y: -0.7071072, z: -0, w: -0.7071065}
  m_LocalPosition: {x: -0.5, y: 0, z: 0}
  m_LocalScale: {x: 1, y: 1, z: 1}
  m_Children: []
  m_Father: {fileID: 8483289550295963392}
  m_RootOrder: 4
  m_LocalEulerAnglesHint: {x: 0, y: -270, z: 0}
--- !u!114 &6292622416414721557
MonoBehaviour:
  m_ObjectHideFlags: 0
  m_CorrespondingSourceObject: {fileID: 0}
  m_PrefabInstance: {fileID: 0}
  m_PrefabAsset: {fileID: 0}
  m_GameObject: {fileID: 4168887480168153353}
  m_Enabled: 1
  m_EditorHideFlags: 0
  m_Script: {fileID: 11500000, guid: 2caf8d7088c83b646af35753007ac7ed, type: 3}
  m_Name: 
  m_EditorClassIdentifier: 
  Type: 0
--- !u!1 &5226714993616282510
GameObject:
  m_ObjectHideFlags: 0
  m_CorrespondingSourceObject: {fileID: 0}
  m_PrefabInstance: {fileID: 0}
  m_PrefabAsset: {fileID: 0}
  serializedVersion: 6
  m_Component:
  - component: {fileID: 7581268755607987336}
  m_Layer: 11
  m_Name: SubmodelE
  m_TagString: Untagged
  m_Icon: {fileID: 0}
  m_NavMeshLayer: 0
  m_StaticEditorFlags: 0
  m_IsActive: 0
--- !u!4 &7581268755607987336
Transform:
  m_ObjectHideFlags: 0
  m_CorrespondingSourceObject: {fileID: 0}
  m_PrefabInstance: {fileID: 0}
  m_PrefabAsset: {fileID: 0}
  m_GameObject: {fileID: 5226714993616282510}
  m_LocalRotation: {x: 0, y: 0, z: 0, w: 1}
  m_LocalPosition: {x: 0, y: 0, z: 0}
  m_LocalScale: {x: 1, y: 1, z: 1}
  m_Children:
  - {fileID: 4499551059490162603}
  - {fileID: 5793270408164675988}
  - {fileID: 9033232559576434663}
  - {fileID: 5373350617474653742}
  m_Father: {fileID: 8483289549724884266}
  m_RootOrder: 3
  m_LocalEulerAnglesHint: {x: 0, y: 0, z: 0}
--- !u!1 &6454398623368186801
GameObject:
  m_ObjectHideFlags: 0
  m_CorrespondingSourceObject: {fileID: 0}
  m_PrefabInstance: {fileID: 0}
  m_PrefabAsset: {fileID: 0}
  serializedVersion: 6
  m_Component:
  - component: {fileID: 6417457052836838581}
  - component: {fileID: 8646571467207486397}
  m_Layer: 12
  m_Name: Socket (1)
  m_TagString: Untagged
  m_Icon: {fileID: 0}
  m_NavMeshLayer: 0
  m_StaticEditorFlags: 0
  m_IsActive: 1
--- !u!4 &6417457052836838581
Transform:
  m_ObjectHideFlags: 0
  m_CorrespondingSourceObject: {fileID: 0}
  m_PrefabInstance: {fileID: 0}
  m_PrefabAsset: {fileID: 0}
  m_GameObject: {fileID: 6454398623368186801}
  m_LocalRotation: {x: -0, y: -0.00000016391276, z: -0, w: -1}
  m_LocalPosition: {x: 0, y: 0, z: -0.5}
  m_LocalScale: {x: 1, y: 1, z: 1}
  m_Children: []
  m_Father: {fileID: 8483289550295963392}
  m_RootOrder: 3
  m_LocalEulerAnglesHint: {x: 0, y: -360, z: 0}
--- !u!114 &8646571467207486397
MonoBehaviour:
  m_ObjectHideFlags: 0
  m_CorrespondingSourceObject: {fileID: 0}
  m_PrefabInstance: {fileID: 0}
  m_PrefabAsset: {fileID: 0}
  m_GameObject: {fileID: 6454398623368186801}
  m_Enabled: 1
  m_EditorHideFlags: 0
  m_Script: {fileID: 11500000, guid: 2caf8d7088c83b646af35753007ac7ed, type: 3}
  m_Name: 
  m_EditorClassIdentifier: 
  Type: 0
--- !u!1 &8483289549724884267
GameObject:
  m_ObjectHideFlags: 0
  m_CorrespondingSourceObject: {fileID: 0}
  m_PrefabInstance: {fileID: 0}
  m_PrefabAsset: {fileID: 0}
  serializedVersion: 6
  m_Component:
  - component: {fileID: 8483289549724884266}
  m_Layer: 11
  m_Name: Model
  m_TagString: Untagged
  m_Icon: {fileID: 0}
  m_NavMeshLayer: 0
  m_StaticEditorFlags: 0
  m_IsActive: 1
--- !u!4 &8483289549724884266
Transform:
  m_ObjectHideFlags: 0
  m_CorrespondingSourceObject: {fileID: 0}
  m_PrefabInstance: {fileID: 0}
  m_PrefabAsset: {fileID: 0}
  m_GameObject: {fileID: 8483289549724884267}
  m_LocalRotation: {x: 0, y: 0, z: 0, w: 1}
  m_LocalPosition: {x: 0, y: 0, z: 0}
  m_LocalScale: {x: 1, y: 1, z: 1}
  m_Children:
  - {fileID: 9128003093589270585}
  - {fileID: 6488278582837278281}
  - {fileID: 5305461390107597584}
  - {fileID: 7581268755607987336}
  m_Father: {fileID: 8483289550295963392}
  m_RootOrder: 0
  m_LocalEulerAnglesHint: {x: 0, y: 0, z: 0}
--- !u!1 &8483289550295963394
GameObject:
  m_ObjectHideFlags: 0
  m_CorrespondingSourceObject: {fileID: 0}
  m_PrefabInstance: {fileID: 0}
  m_PrefabAsset: {fileID: 0}
  serializedVersion: 6
  m_Component:
  - component: {fileID: 8483289550295963392}
  - component: {fileID: 2087445363723087039}
  - component: {fileID: 6188928134678513870}
  - component: {fileID: 6489613663889694418}
  - component: {fileID: 3826025374300430042}
  - component: {fileID: 7874793216286610482}
  - component: {fileID: 4144547883194330918}
  - component: {fileID: 4716578668490675012}
  m_Layer: 12
  m_Name: Pipe
  m_TagString: Untagged
  m_Icon: {fileID: 0}
  m_NavMeshLayer: 1
  m_StaticEditorFlags: 0
  m_IsActive: 1
--- !u!4 &8483289550295963392
Transform:
  m_ObjectHideFlags: 0
  m_CorrespondingSourceObject: {fileID: 0}
  m_PrefabInstance: {fileID: 0}
  m_PrefabAsset: {fileID: 0}
  m_GameObject: {fileID: 8483289550295963394}
  m_LocalRotation: {x: 0, y: 0, z: 0, w: 1}
  m_LocalPosition: {x: 0, y: 0, z: 0}
  m_LocalScale: {x: 2.5, y: 2.5, z: 2.5}
  m_Children:
  - {fileID: 8483289549724884266}
  - {fileID: 1857413514146161214}
  - {fileID: 7562746928653476721}
  - {fileID: 6417457052836838581}
  - {fileID: 5933466997903758072}
  - {fileID: 1560724137827175707}
  m_Father: {fileID: 0}
  m_RootOrder: 0
  m_LocalEulerAnglesHint: {x: 0, y: 0, z: 0}
--- !u!114 &2087445363723087039
MonoBehaviour:
  m_ObjectHideFlags: 0
  m_CorrespondingSourceObject: {fileID: 0}
  m_PrefabInstance: {fileID: 0}
  m_PrefabAsset: {fileID: 0}
  m_GameObject: {fileID: 8483289550295963394}
  m_Enabled: 1
  m_EditorHideFlags: 0
  m_Script: {fileID: 11500000, guid: 9b91ecbcc199f4492b9a91e820070131, type: 3}
  m_Name: 
  m_EditorClassIdentifier: 
  sceneId: 0
  serverOnly: 0
  visible: 0
  m_AssetId: 26954e3a99e425c46b9f1ce9ff47097d
  hasSpawned: 0
--- !u!114 &6188928134678513870
MonoBehaviour:
  m_ObjectHideFlags: 0
  m_CorrespondingSourceObject: {fileID: 0}
  m_PrefabInstance: {fileID: 0}
  m_PrefabAsset: {fileID: 0}
  m_GameObject: {fileID: 8483289550295963394}
  m_Enabled: 1
  m_EditorHideFlags: 0
  m_Script: {fileID: 11500000, guid: e0251fb895837cb459e4842d718f65b0, type: 3}
  m_Name: 
  m_EditorClassIdentifier: 
  syncMode: 0
  syncInterval: 0.1
  structureDefinition: {fileID: 11400000, guid: 24845aa4829e1a147ab03c556d382957,
    type: 2}
--- !u!114 &6489613663889694418
MonoBehaviour:
  m_ObjectHideFlags: 0
  m_CorrespondingSourceObject: {fileID: 0}
  m_PrefabInstance: {fileID: 0}
  m_PrefabAsset: {fileID: 0}
  m_GameObject: {fileID: 8483289550295963394}
  m_Enabled: 1
  m_EditorHideFlags: 0
  m_Script: {fileID: 11500000, guid: 7bf210395dd7b8b42b0c512f4842bd7b, type: 3}
  m_Name: 
  m_EditorClassIdentifier: 
  socketModelPairs:
  - socket: {fileID: 6292622416414721557}
    subModel: {fileID: 3663704136799652398}
    invertActivation: 0
  - socket: {fileID: 2083824026969336985}
    subModel: {fileID: 5226714993616282510}
    invertActivation: 0
  - socket: {fileID: 6292622416414721557}
    subModel: {fileID: 145300422844716976}
    invertActivation: 1
  - socket: {fileID: 2083824026969336985}
    subModel: {fileID: 145300422844716976}
    invertActivation: 1
--- !u!114 &3826025374300430042
MonoBehaviour:
  m_ObjectHideFlags: 0
  m_CorrespondingSourceObject: {fileID: 0}
  m_PrefabInstance: {fileID: 0}
  m_PrefabAsset: {fileID: 0}
  m_GameObject: {fileID: 8483289550295963394}
  m_Enabled: 1
  m_EditorHideFlags: 0
  m_Script: {fileID: 11500000, guid: 8440b5af608a54049bc3ccb515bbfc67, type: 3}
  m_Name: 
  m_EditorClassIdentifier: 
--- !u!114 &7874793216286610482
MonoBehaviour:
  m_ObjectHideFlags: 0
  m_CorrespondingSourceObject: {fileID: 0}
  m_PrefabInstance: {fileID: 0}
  m_PrefabAsset: {fileID: 0}
  m_GameObject: {fileID: 8483289550295963394}
  m_Enabled: 1
  m_EditorHideFlags: 0
  m_Script: {fileID: 11500000, guid: 22bb4752fbd9d0543836f654bd540cf9, type: 3}
  m_Name: 
  m_EditorClassIdentifier: 
  playEffectOnHit: 0
  effectToPlay: {fileID: 0}
--- !u!114 &4144547883194330918
MonoBehaviour:
  m_ObjectHideFlags: 0
  m_CorrespondingSourceObject: {fileID: 0}
  m_PrefabInstance: {fileID: 0}
  m_PrefabAsset: {fileID: 0}
  m_GameObject: {fileID: 8483289550295963394}
  m_Enabled: 1
  m_EditorHideFlags: 0
  m_Script: {fileID: 11500000, guid: 723db5f9f509738478f22d6344d32533, type: 3}
  m_Name: 
  m_EditorClassIdentifier: 
  damageMultiplier: 1
--- !u!114 &4716578668490675012
MonoBehaviour:
  m_ObjectHideFlags: 0
  m_CorrespondingSourceObject: {fileID: 0}
  m_PrefabInstance: {fileID: 0}
  m_PrefabAsset: {fileID: 0}
  m_GameObject: {fileID: 8483289550295963394}
  m_Enabled: 1
  m_EditorHideFlags: 0
  m_Script: {fileID: 11500000, guid: 6af339e007212db42b7e2cefb2ba8ad1, type: 3}
  m_Name: 
  m_EditorClassIdentifier: 
  syncMode: 0
  syncInterval: 0.25
  hitPoints: 100
--- !u!1 &8841173642584944905
GameObject:
  m_ObjectHideFlags: 0
  m_CorrespondingSourceObject: {fileID: 0}
  m_PrefabInstance: {fileID: 0}
  m_PrefabAsset: {fileID: 0}
  serializedVersion: 6
  m_Component:
  - component: {fileID: 7562746928653476721}
  - component: {fileID: 6596739322938796855}
  m_Layer: 12
  m_Name: Socket
  m_TagString: Untagged
  m_Icon: {fileID: 0}
  m_NavMeshLayer: 0
  m_StaticEditorFlags: 0
  m_IsActive: 1
--- !u!4 &7562746928653476721
Transform:
  m_ObjectHideFlags: 0
  m_CorrespondingSourceObject: {fileID: 0}
  m_PrefabInstance: {fileID: 0}
  m_PrefabAsset: {fileID: 0}
  m_GameObject: {fileID: 8841173642584944905}
  m_LocalRotation: {x: -0, y: 1, z: -0, w: -0.00000068545336}
  m_LocalPosition: {x: 0, y: 0, z: 0.5}
  m_LocalScale: {x: 1, y: 1, z: 1}
  m_Children: []
  m_Father: {fileID: 8483289550295963392}
  m_RootOrder: 2
  m_LocalEulerAnglesHint: {x: 0, y: -540, z: 0}
--- !u!114 &6596739322938796855
MonoBehaviour:
  m_ObjectHideFlags: 0
  m_CorrespondingSourceObject: {fileID: 0}
  m_PrefabInstance: {fileID: 0}
  m_PrefabAsset: {fileID: 0}
  m_GameObject: {fileID: 8841173642584944905}
  m_Enabled: 1
  m_EditorHideFlags: 0
  m_Script: {fileID: 11500000, guid: 2caf8d7088c83b646af35753007ac7ed, type: 3}
  m_Name: 
  m_EditorClassIdentifier: 
  Type: 1
--- !u!1001 &1184700924257241985
PrefabInstance:
  m_ObjectHideFlags: 0
  serializedVersion: 2
  m_Modification:
    m_TransformParent: {fileID: 5305461390107597584}
    m_Modifications:
    - target: {fileID: -8679921383154817045, guid: 5e843a8fbe4d64a498f921ea2e31250c,
        type: 3}
      propertyPath: m_RootOrder
      value: 0
      objectReference: {fileID: 0}
    - target: {fileID: -8679921383154817045, guid: 5e843a8fbe4d64a498f921ea2e31250c,
        type: 3}
      propertyPath: m_LocalScale.x
      value: 0.18844749
      objectReference: {fileID: 0}
    - target: {fileID: -8679921383154817045, guid: 5e843a8fbe4d64a498f921ea2e31250c,
        type: 3}
      propertyPath: m_LocalScale.y
      value: 0.45211083
      objectReference: {fileID: 0}
    - target: {fileID: -8679921383154817045, guid: 5e843a8fbe4d64a498f921ea2e31250c,
        type: 3}
      propertyPath: m_LocalScale.z
      value: 0.020000001
      objectReference: {fileID: 0}
    - target: {fileID: -8679921383154817045, guid: 5e843a8fbe4d64a498f921ea2e31250c,
        type: 3}
      propertyPath: m_LocalPosition.x
      value: -0.178
      objectReference: {fileID: 0}
    - target: {fileID: -8679921383154817045, guid: 5e843a8fbe4d64a498f921ea2e31250c,
        type: 3}
      propertyPath: m_LocalPosition.y
      value: 0.096
      objectReference: {fileID: 0}
    - target: {fileID: -8679921383154817045, guid: 5e843a8fbe4d64a498f921ea2e31250c,
        type: 3}
      propertyPath: m_LocalPosition.z
      value: 0.2
      objectReference: {fileID: 0}
    - target: {fileID: -8679921383154817045, guid: 5e843a8fbe4d64a498f921ea2e31250c,
        type: 3}
      propertyPath: m_LocalRotation.w
      value: 0.65328145
      objectReference: {fileID: 0}
    - target: {fileID: -8679921383154817045, guid: 5e843a8fbe4d64a498f921ea2e31250c,
        type: 3}
      propertyPath: m_LocalRotation.x
      value: 0.6532814
      objectReference: {fileID: 0}
    - target: {fileID: -8679921383154817045, guid: 5e843a8fbe4d64a498f921ea2e31250c,
        type: 3}
      propertyPath: m_LocalRotation.y
      value: 0.27059826
      objectReference: {fileID: 0}
    - target: {fileID: -8679921383154817045, guid: 5e843a8fbe4d64a498f921ea2e31250c,
        type: 3}
      propertyPath: m_LocalRotation.z
      value: -0.2705982
      objectReference: {fileID: 0}
    - target: {fileID: -8679921383154817045, guid: 5e843a8fbe4d64a498f921ea2e31250c,
        type: 3}
      propertyPath: m_LocalEulerAnglesHint.x
      value: 90.00001
      objectReference: {fileID: 0}
    - target: {fileID: -8679921383154817045, guid: 5e843a8fbe4d64a498f921ea2e31250c,
        type: 3}
      propertyPath: m_LocalEulerAnglesHint.y
      value: 0
      objectReference: {fileID: 0}
    - target: {fileID: -8679921383154817045, guid: 5e843a8fbe4d64a498f921ea2e31250c,
        type: 3}
      propertyPath: m_LocalEulerAnglesHint.z
      value: -45.000004
      objectReference: {fileID: 0}
    - target: {fileID: -7635826562936255635, guid: 5e843a8fbe4d64a498f921ea2e31250c,
        type: 3}
      propertyPath: m_Materials.Array.data[0]
      value: 
      objectReference: {fileID: 2100000, guid: c6014d66a3651d7469eccecdc2b56aec, type: 2}
    - target: {fileID: 919132149155446097, guid: 5e843a8fbe4d64a498f921ea2e31250c,
        type: 3}
      propertyPath: m_Name
      value: mesh_Cylinder_8sided
      objectReference: {fileID: 0}
    m_RemovedComponents: []
  m_SourcePrefab: {fileID: 100100000, guid: 5e843a8fbe4d64a498f921ea2e31250c, type: 3}
--- !u!4 &1727797086584532074 stripped
Transform:
  m_CorrespondingSourceObject: {fileID: -8679921383154817045, guid: 5e843a8fbe4d64a498f921ea2e31250c,
    type: 3}
  m_PrefabInstance: {fileID: 1184700924257241985}
  m_PrefabAsset: {fileID: 0}
--- !u!1001 &1307584101448036494
PrefabInstance:
  m_ObjectHideFlags: 0
  serializedVersion: 2
  m_Modification:
    m_TransformParent: {fileID: 6488278582837278281}
    m_Modifications:
    - target: {fileID: -8679921383154817045, guid: 5e843a8fbe4d64a498f921ea2e31250c,
        type: 3}
      propertyPath: m_RootOrder
      value: 3
      objectReference: {fileID: 0}
    - target: {fileID: -8679921383154817045, guid: 5e843a8fbe4d64a498f921ea2e31250c,
        type: 3}
      propertyPath: m_LocalScale.x
      value: 0.08515189
      objectReference: {fileID: 0}
    - target: {fileID: -8679921383154817045, guid: 5e843a8fbe4d64a498f921ea2e31250c,
        type: 3}
      propertyPath: m_LocalScale.y
      value: 0.4891333
      objectReference: {fileID: 0}
    - target: {fileID: -8679921383154817045, guid: 5e843a8fbe4d64a498f921ea2e31250c,
        type: 3}
      propertyPath: m_LocalScale.z
      value: 0.020000001
      objectReference: {fileID: 0}
    - target: {fileID: -8679921383154817045, guid: 5e843a8fbe4d64a498f921ea2e31250c,
        type: 3}
      propertyPath: m_LocalPosition.x
      value: 0.034130096
      objectReference: {fileID: 0}
    - target: {fileID: -8679921383154817045, guid: 5e843a8fbe4d64a498f921ea2e31250c,
        type: 3}
      propertyPath: m_LocalPosition.y
      value: 0.478
      objectReference: {fileID: 0}
    - target: {fileID: -8679921383154817045, guid: 5e843a8fbe4d64a498f921ea2e31250c,
        type: 3}
      propertyPath: m_LocalPosition.z
      value: -0.012150865
      objectReference: {fileID: 0}
    - target: {fileID: -8679921383154817045, guid: 5e843a8fbe4d64a498f921ea2e31250c,
        type: 3}
      propertyPath: m_LocalRotation.w
      value: 0.7071068
      objectReference: {fileID: 0}
    - target: {fileID: -8679921383154817045, guid: 5e843a8fbe4d64a498f921ea2e31250c,
        type: 3}
      propertyPath: m_LocalRotation.x
      value: 0.7071068
      objectReference: {fileID: 0}
    - target: {fileID: -8679921383154817045, guid: 5e843a8fbe4d64a498f921ea2e31250c,
        type: 3}
      propertyPath: m_LocalRotation.y
      value: -0
      objectReference: {fileID: 0}
    - target: {fileID: -8679921383154817045, guid: 5e843a8fbe4d64a498f921ea2e31250c,
        type: 3}
      propertyPath: m_LocalRotation.z
      value: -0
      objectReference: {fileID: 0}
    - target: {fileID: -8679921383154817045, guid: 5e843a8fbe4d64a498f921ea2e31250c,
        type: 3}
      propertyPath: m_LocalEulerAnglesHint.x
      value: 90
      objectReference: {fileID: 0}
    - target: {fileID: -8679921383154817045, guid: 5e843a8fbe4d64a498f921ea2e31250c,
        type: 3}
      propertyPath: m_LocalEulerAnglesHint.y
      value: 0
      objectReference: {fileID: 0}
    - target: {fileID: -8679921383154817045, guid: 5e843a8fbe4d64a498f921ea2e31250c,
        type: 3}
      propertyPath: m_LocalEulerAnglesHint.z
      value: 0
      objectReference: {fileID: 0}
    - target: {fileID: -7635826562936255635, guid: 5e843a8fbe4d64a498f921ea2e31250c,
        type: 3}
      propertyPath: m_Materials.Array.data[0]
      value: 
      objectReference: {fileID: 2100000, guid: c6014d66a3651d7469eccecdc2b56aec, type: 2}
    - target: {fileID: 919132149155446097, guid: 5e843a8fbe4d64a498f921ea2e31250c,
        type: 3}
      propertyPath: m_Name
      value: mesh_Cylinder_8sided (1)
      objectReference: {fileID: 0}
    m_RemovedComponents: []
  m_SourcePrefab: {fileID: 100100000, guid: 5e843a8fbe4d64a498f921ea2e31250c, type: 3}
--- !u!4 &1562680568225683301 stripped
Transform:
  m_CorrespondingSourceObject: {fileID: -8679921383154817045, guid: 5e843a8fbe4d64a498f921ea2e31250c,
    type: 3}
  m_PrefabInstance: {fileID: 1307584101448036494}
  m_PrefabAsset: {fileID: 0}
--- !u!1001 &1646207227827100838
PrefabInstance:
  m_ObjectHideFlags: 0
  serializedVersion: 2
  m_Modification:
    m_TransformParent: {fileID: 6488278582837278281}
    m_Modifications:
    - target: {fileID: -8679921383154817045, guid: 8f1905ea5eb0d6341b1ad7b6a89f138a,
        type: 3}
      propertyPath: m_RootOrder
      value: 1
      objectReference: {fileID: 0}
    - target: {fileID: -8679921383154817045, guid: 8f1905ea5eb0d6341b1ad7b6a89f138a,
        type: 3}
      propertyPath: m_LocalScale.x
      value: 0.26637575
      objectReference: {fileID: 0}
    - target: {fileID: -8679921383154817045, guid: 8f1905ea5eb0d6341b1ad7b6a89f138a,
        type: 3}
      propertyPath: m_LocalScale.y
      value: 0.4891333
      objectReference: {fileID: 0}
    - target: {fileID: -8679921383154817045, guid: 8f1905ea5eb0d6341b1ad7b6a89f138a,
        type: 3}
      propertyPath: m_LocalScale.z
      value: 0.2663757
      objectReference: {fileID: 0}
    - target: {fileID: -8679921383154817045, guid: 8f1905ea5eb0d6341b1ad7b6a89f138a,
        type: 3}
      propertyPath: m_LocalPosition.x
      value: 0.034130096
      objectReference: {fileID: 0}
    - target: {fileID: -8679921383154817045, guid: 8f1905ea5eb0d6341b1ad7b6a89f138a,
        type: 3}
      propertyPath: m_LocalPosition.y
      value: 0.25000006
      objectReference: {fileID: 0}
    - target: {fileID: -8679921383154817045, guid: 8f1905ea5eb0d6341b1ad7b6a89f138a,
        type: 3}
      propertyPath: m_LocalPosition.z
      value: -0.4494361
      objectReference: {fileID: 0}
    - target: {fileID: -8679921383154817045, guid: 8f1905ea5eb0d6341b1ad7b6a89f138a,
        type: 3}
      propertyPath: m_LocalRotation.w
      value: 0.7071068
      objectReference: {fileID: 0}
    - target: {fileID: -8679921383154817045, guid: 8f1905ea5eb0d6341b1ad7b6a89f138a,
        type: 3}
      propertyPath: m_LocalRotation.x
      value: 0.7071068
      objectReference: {fileID: 0}
    - target: {fileID: -8679921383154817045, guid: 8f1905ea5eb0d6341b1ad7b6a89f138a,
        type: 3}
      propertyPath: m_LocalRotation.y
      value: -0
      objectReference: {fileID: 0}
    - target: {fileID: -8679921383154817045, guid: 8f1905ea5eb0d6341b1ad7b6a89f138a,
        type: 3}
      propertyPath: m_LocalRotation.z
      value: -0
      objectReference: {fileID: 0}
    - target: {fileID: -8679921383154817045, guid: 8f1905ea5eb0d6341b1ad7b6a89f138a,
        type: 3}
      propertyPath: m_LocalEulerAnglesHint.x
      value: 0
      objectReference: {fileID: 0}
    - target: {fileID: -8679921383154817045, guid: 8f1905ea5eb0d6341b1ad7b6a89f138a,
        type: 3}
      propertyPath: m_LocalEulerAnglesHint.y
      value: 0
      objectReference: {fileID: 0}
    - target: {fileID: -8679921383154817045, guid: 8f1905ea5eb0d6341b1ad7b6a89f138a,
        type: 3}
      propertyPath: m_LocalEulerAnglesHint.z
      value: 0
      objectReference: {fileID: 0}
    - target: {fileID: -7635826562936255635, guid: 8f1905ea5eb0d6341b1ad7b6a89f138a,
        type: 3}
      propertyPath: m_Materials.Array.data[0]
      value: 
      objectReference: {fileID: 2100000, guid: 78fb4b8203ab7ff43b8726ea883b00e0, type: 2}
    - target: {fileID: 919132149155446097, guid: 8f1905ea5eb0d6341b1ad7b6a89f138a,
        type: 3}
      propertyPath: m_Name
      value: mesh_Frame6
      objectReference: {fileID: 0}
    m_RemovedComponents: []
  m_SourcePrefab: {fileID: 100100000, guid: 8f1905ea5eb0d6341b1ad7b6a89f138a, type: 3}
--- !u!4 &1248123530913905485 stripped
Transform:
  m_CorrespondingSourceObject: {fileID: -8679921383154817045, guid: 8f1905ea5eb0d6341b1ad7b6a89f138a,
    type: 3}
  m_PrefabInstance: {fileID: 1646207227827100838}
  m_PrefabAsset: {fileID: 0}
--- !u!1001 &2048879846122469202
PrefabInstance:
  m_ObjectHideFlags: 0
  serializedVersion: 2
  m_Modification:
    m_TransformParent: {fileID: 5305461390107597584}
    m_Modifications:
    - target: {fileID: -8679921383154817045, guid: 602fee6963127c84fb00f1876d210d43,
        type: 3}
      propertyPath: m_RootOrder
      value: 2
      objectReference: {fileID: 0}
    - target: {fileID: -8679921383154817045, guid: 602fee6963127c84fb00f1876d210d43,
        type: 3}
      propertyPath: m_LocalScale.x
      value: 0.11909534
      objectReference: {fileID: 0}
    - target: {fileID: -8679921383154817045, guid: 602fee6963127c84fb00f1876d210d43,
        type: 3}
      propertyPath: m_LocalScale.y
      value: 0.11909534
      objectReference: {fileID: 0}
    - target: {fileID: -8679921383154817045, guid: 602fee6963127c84fb00f1876d210d43,
        type: 3}
      propertyPath: m_LocalScale.z
      value: 0.17816663
      objectReference: {fileID: 0}
    - target: {fileID: -8679921383154817045, guid: 602fee6963127c84fb00f1876d210d43,
        type: 3}
      propertyPath: m_LocalPosition.x
      value: -0.175
      objectReference: {fileID: 0}
    - target: {fileID: -8679921383154817045, guid: 602fee6963127c84fb00f1876d210d43,
        type: 3}
      propertyPath: m_LocalPosition.y
      value: 0.43800002
      objectReference: {fileID: 0}
    - target: {fileID: -8679921383154817045, guid: 602fee6963127c84fb00f1876d210d43,
        type: 3}
      propertyPath: m_LocalPosition.z
      value: 0.222
      objectReference: {fileID: 0}
    - target: {fileID: -8679921383154817045, guid: 602fee6963127c84fb00f1876d210d43,
        type: 3}
      propertyPath: m_LocalRotation.w
      value: -0.38268366
      objectReference: {fileID: 0}
    - target: {fileID: -8679921383154817045, guid: 602fee6963127c84fb00f1876d210d43,
        type: 3}
      propertyPath: m_LocalRotation.x
      value: -0
      objectReference: {fileID: 0}
    - target: {fileID: -8679921383154817045, guid: 602fee6963127c84fb00f1876d210d43,
        type: 3}
      propertyPath: m_LocalRotation.y
      value: 0.9238795
      objectReference: {fileID: 0}
    - target: {fileID: -8679921383154817045, guid: 602fee6963127c84fb00f1876d210d43,
        type: 3}
      propertyPath: m_LocalRotation.z
      value: -0
      objectReference: {fileID: 0}
    - target: {fileID: -8679921383154817045, guid: 602fee6963127c84fb00f1876d210d43,
        type: 3}
      propertyPath: m_LocalEulerAnglesHint.x
      value: 0
      objectReference: {fileID: 0}
    - target: {fileID: -8679921383154817045, guid: 602fee6963127c84fb00f1876d210d43,
        type: 3}
      propertyPath: m_LocalEulerAnglesHint.y
      value: 225
      objectReference: {fileID: 0}
    - target: {fileID: -8679921383154817045, guid: 602fee6963127c84fb00f1876d210d43,
        type: 3}
      propertyPath: m_LocalEulerAnglesHint.z
      value: 0
      objectReference: {fileID: 0}
    - target: {fileID: -7635826562936255635, guid: 602fee6963127c84fb00f1876d210d43,
        type: 3}
      propertyPath: m_Materials.Array.data[0]
      value: 
      objectReference: {fileID: 2100000, guid: a93c19b63c84f1f4cbba5e91a676c985, type: 2}
    - target: {fileID: 919132149155446097, guid: 602fee6963127c84fb00f1876d210d43,
        type: 3}
      propertyPath: m_Name
      value: mesh_Triangle_onesided
      objectReference: {fileID: 0}
    - target: {fileID: 1151388028547126963, guid: 602fee6963127c84fb00f1876d210d43,
        type: 3}
      propertyPath: m_LocalScale.x
      value: 0.5193061
      objectReference: {fileID: 0}
    - target: {fileID: 1151388028547126963, guid: 602fee6963127c84fb00f1876d210d43,
        type: 3}
      propertyPath: m_LocalScale.y
      value: 0.5193061
      objectReference: {fileID: 0}
    - target: {fileID: 1151388028547126963, guid: 602fee6963127c84fb00f1876d210d43,
        type: 3}
      propertyPath: m_LocalScale.z
      value: 0.5193061
      objectReference: {fileID: 0}
    - target: {fileID: 1151388028547126963, guid: 602fee6963127c84fb00f1876d210d43,
        type: 3}
      propertyPath: m_LocalPosition.y
      value: 0.51
      objectReference: {fileID: 0}
    m_RemovedComponents: []
  m_SourcePrefab: {fileID: 100100000, guid: 602fee6963127c84fb00f1876d210d43, type: 3}
--- !u!4 &2010202062820430009 stripped
Transform:
  m_CorrespondingSourceObject: {fileID: -8679921383154817045, guid: 602fee6963127c84fb00f1876d210d43,
    type: 3}
  m_PrefabInstance: {fileID: 2048879846122469202}
  m_PrefabAsset: {fileID: 0}
--- !u!1001 &2503728184982182617
PrefabInstance:
  m_ObjectHideFlags: 0
  serializedVersion: 2
  m_Modification:
    m_TransformParent: {fileID: 6488278582837278281}
    m_Modifications:
    - target: {fileID: -8679921383154817045, guid: 602fee6963127c84fb00f1876d210d43,
        type: 3}
      propertyPath: m_RootOrder
      value: 2
      objectReference: {fileID: 0}
    - target: {fileID: -8679921383154817045, guid: 602fee6963127c84fb00f1876d210d43,
        type: 3}
      propertyPath: m_LocalScale.x
      value: 0.11909534
      objectReference: {fileID: 0}
    - target: {fileID: -8679921383154817045, guid: 602fee6963127c84fb00f1876d210d43,
        type: 3}
      propertyPath: m_LocalScale.y
      value: 0.11909534
      objectReference: {fileID: 0}
    - target: {fileID: -8679921383154817045, guid: 602fee6963127c84fb00f1876d210d43,
        type: 3}
      propertyPath: m_LocalScale.z
      value: 0.17816663
      objectReference: {fileID: 0}
    - target: {fileID: -8679921383154817045, guid: 602fee6963127c84fb00f1876d210d43,
        type: 3}
      propertyPath: m_LocalPosition.x
      value: 0.035
      objectReference: {fileID: 0}
    - target: {fileID: -8679921383154817045, guid: 602fee6963127c84fb00f1876d210d43,
        type: 3}
      propertyPath: m_LocalPosition.y
      value: 0.43800002
      objectReference: {fileID: 0}
    - target: {fileID: -8679921383154817045, guid: 602fee6963127c84fb00f1876d210d43,
        type: 3}
      propertyPath: m_LocalPosition.z
      value: -0.188
      objectReference: {fileID: 0}
    - target: {fileID: -8679921383154817045, guid: 602fee6963127c84fb00f1876d210d43,
        type: 3}
      propertyPath: m_LocalRotation.w
      value: 0
      objectReference: {fileID: 0}
    - target: {fileID: -8679921383154817045, guid: 602fee6963127c84fb00f1876d210d43,
        type: 3}
      propertyPath: m_LocalRotation.x
      value: -0
      objectReference: {fileID: 0}
    - target: {fileID: -8679921383154817045, guid: 602fee6963127c84fb00f1876d210d43,
        type: 3}
      propertyPath: m_LocalRotation.y
      value: 1
      objectReference: {fileID: 0}
    - target: {fileID: -8679921383154817045, guid: 602fee6963127c84fb00f1876d210d43,
        type: 3}
      propertyPath: m_LocalRotation.z
      value: -0
      objectReference: {fileID: 0}
    - target: {fileID: -8679921383154817045, guid: 602fee6963127c84fb00f1876d210d43,
        type: 3}
      propertyPath: m_LocalEulerAnglesHint.x
      value: 0
      objectReference: {fileID: 0}
    - target: {fileID: -8679921383154817045, guid: 602fee6963127c84fb00f1876d210d43,
        type: 3}
      propertyPath: m_LocalEulerAnglesHint.y
      value: 180
      objectReference: {fileID: 0}
    - target: {fileID: -8679921383154817045, guid: 602fee6963127c84fb00f1876d210d43,
        type: 3}
      propertyPath: m_LocalEulerAnglesHint.z
      value: 0
      objectReference: {fileID: 0}
    - target: {fileID: -7635826562936255635, guid: 602fee6963127c84fb00f1876d210d43,
        type: 3}
      propertyPath: m_Materials.Array.data[0]
      value: 
      objectReference: {fileID: 2100000, guid: a93c19b63c84f1f4cbba5e91a676c985, type: 2}
    - target: {fileID: 919132149155446097, guid: 602fee6963127c84fb00f1876d210d43,
        type: 3}
      propertyPath: m_Name
      value: mesh_Triangle_onesided
      objectReference: {fileID: 0}
    - target: {fileID: 1151388028547126963, guid: 602fee6963127c84fb00f1876d210d43,
        type: 3}
      propertyPath: m_LocalScale.x
      value: 0.5193061
      objectReference: {fileID: 0}
    - target: {fileID: 1151388028547126963, guid: 602fee6963127c84fb00f1876d210d43,
        type: 3}
      propertyPath: m_LocalScale.y
      value: 0.5193061
      objectReference: {fileID: 0}
    - target: {fileID: 1151388028547126963, guid: 602fee6963127c84fb00f1876d210d43,
        type: 3}
      propertyPath: m_LocalScale.z
      value: 0.5193061
      objectReference: {fileID: 0}
    - target: {fileID: 1151388028547126963, guid: 602fee6963127c84fb00f1876d210d43,
        type: 3}
      propertyPath: m_LocalPosition.y
      value: 0.51
      objectReference: {fileID: 0}
    m_RemovedComponents: []
  m_SourcePrefab: {fileID: 100100000, guid: 602fee6963127c84fb00f1876d210d43, type: 3}
--- !u!4 &2681259132664839474 stripped
Transform:
  m_CorrespondingSourceObject: {fileID: -8679921383154817045, guid: 602fee6963127c84fb00f1876d210d43,
    type: 3}
  m_PrefabInstance: {fileID: 2503728184982182617}
  m_PrefabAsset: {fileID: 0}
--- !u!1001 &4177973366832603200
PrefabInstance:
  m_ObjectHideFlags: 0
  serializedVersion: 2
  m_Modification:
    m_TransformParent: {fileID: 7581268755607987336}
    m_Modifications:
    - target: {fileID: -8679921383154817045, guid: 8f1905ea5eb0d6341b1ad7b6a89f138a,
        type: 3}
      propertyPath: m_RootOrder
      value: 0
      objectReference: {fileID: 0}
    - target: {fileID: -8679921383154817045, guid: 8f1905ea5eb0d6341b1ad7b6a89f138a,
        type: 3}
      propertyPath: m_LocalScale.x
      value: 0.26637575
      objectReference: {fileID: 0}
    - target: {fileID: -8679921383154817045, guid: 8f1905ea5eb0d6341b1ad7b6a89f138a,
        type: 3}
      propertyPath: m_LocalScale.y
      value: 0.4891333
      objectReference: {fileID: 0}
    - target: {fileID: -8679921383154817045, guid: 8f1905ea5eb0d6341b1ad7b6a89f138a,
        type: 3}
      propertyPath: m_LocalScale.z
      value: 0.2663757
      objectReference: {fileID: 0}
    - target: {fileID: -8679921383154817045, guid: 8f1905ea5eb0d6341b1ad7b6a89f138a,
        type: 3}
      propertyPath: m_LocalPosition.x
      value: 0.4256235
      objectReference: {fileID: 0}
    - target: {fileID: -8679921383154817045, guid: 8f1905ea5eb0d6341b1ad7b6a89f138a,
        type: 3}
      propertyPath: m_LocalPosition.y
      value: 0.25000006
      objectReference: {fileID: 0}
    - target: {fileID: -8679921383154817045, guid: 8f1905ea5eb0d6341b1ad7b6a89f138a,
        type: 3}
      propertyPath: m_LocalPosition.z
      value: 0
      objectReference: {fileID: 0}
    - target: {fileID: -8679921383154817045, guid: 8f1905ea5eb0d6341b1ad7b6a89f138a,
        type: 3}
      propertyPath: m_LocalRotation.w
      value: 0.4999999
      objectReference: {fileID: 0}
    - target: {fileID: -8679921383154817045, guid: 8f1905ea5eb0d6341b1ad7b6a89f138a,
        type: 3}
      propertyPath: m_LocalRotation.x
      value: 0.50000024
      objectReference: {fileID: 0}
    - target: {fileID: -8679921383154817045, guid: 8f1905ea5eb0d6341b1ad7b6a89f138a,
        type: 3}
      propertyPath: m_LocalRotation.y
      value: -0.50000006
      objectReference: {fileID: 0}
    - target: {fileID: -8679921383154817045, guid: 8f1905ea5eb0d6341b1ad7b6a89f138a,
        type: 3}
      propertyPath: m_LocalRotation.z
      value: 0.4999999
      objectReference: {fileID: 0}
    - target: {fileID: -8679921383154817045, guid: 8f1905ea5eb0d6341b1ad7b6a89f138a,
        type: 3}
      propertyPath: m_LocalEulerAnglesHint.x
      value: 90.00001
      objectReference: {fileID: 0}
    - target: {fileID: -8679921383154817045, guid: 8f1905ea5eb0d6341b1ad7b6a89f138a,
        type: 3}
      propertyPath: m_LocalEulerAnglesHint.y
      value: 0
      objectReference: {fileID: 0}
    - target: {fileID: -8679921383154817045, guid: 8f1905ea5eb0d6341b1ad7b6a89f138a,
        type: 3}
      propertyPath: m_LocalEulerAnglesHint.z
      value: 90.00001
      objectReference: {fileID: 0}
    - target: {fileID: -7635826562936255635, guid: 8f1905ea5eb0d6341b1ad7b6a89f138a,
        type: 3}
      propertyPath: m_Materials.Array.data[0]
      value: 
      objectReference: {fileID: 2100000, guid: 78fb4b8203ab7ff43b8726ea883b00e0, type: 2}
    - target: {fileID: 919132149155446097, guid: 8f1905ea5eb0d6341b1ad7b6a89f138a,
        type: 3}
      propertyPath: m_Name
      value: mesh_Frame6 (1)
      objectReference: {fileID: 0}
    m_RemovedComponents: []
  m_SourcePrefab: {fileID: 100100000, guid: 8f1905ea5eb0d6341b1ad7b6a89f138a, type: 3}
--- !u!4 &4499551059490162603 stripped
Transform:
  m_CorrespondingSourceObject: {fileID: -8679921383154817045, guid: 8f1905ea5eb0d6341b1ad7b6a89f138a,
    type: 3}
  m_PrefabInstance: {fileID: 4177973366832603200}
  m_PrefabAsset: {fileID: 0}
--- !u!1001 &5556105585370249669
PrefabInstance:
  m_ObjectHideFlags: 0
  serializedVersion: 2
  m_Modification:
    m_TransformParent: {fileID: 7581268755607987336}
    m_Modifications:
    - target: {fileID: -8679921383154817045, guid: 5e843a8fbe4d64a498f921ea2e31250c,
        type: 3}
      propertyPath: m_RootOrder
      value: 3
      objectReference: {fileID: 0}
    - target: {fileID: -8679921383154817045, guid: 5e843a8fbe4d64a498f921ea2e31250c,
        type: 3}
      propertyPath: m_LocalScale.x
      value: 0.08515189
      objectReference: {fileID: 0}
    - target: {fileID: -8679921383154817045, guid: 5e843a8fbe4d64a498f921ea2e31250c,
        type: 3}
      propertyPath: m_LocalScale.y
      value: 0.31951657
      objectReference: {fileID: 0}
    - target: {fileID: -8679921383154817045, guid: 5e843a8fbe4d64a498f921ea2e31250c,
        type: 3}
      propertyPath: m_LocalScale.z
      value: 0.020000001
      objectReference: {fileID: 0}
    - target: {fileID: -8679921383154817045, guid: 5e843a8fbe4d64a498f921ea2e31250c,
        type: 3}
      propertyPath: m_LocalPosition.x
      value: 0.178
      objectReference: {fileID: 0}
    - target: {fileID: -8679921383154817045, guid: 5e843a8fbe4d64a498f921ea2e31250c,
        type: 3}
      propertyPath: m_LocalPosition.y
      value: 0.478
      objectReference: {fileID: 0}
    - target: {fileID: -8679921383154817045, guid: 5e843a8fbe4d64a498f921ea2e31250c,
        type: 3}
      propertyPath: m_LocalPosition.z
      value: 0.2
      objectReference: {fileID: 0}
    - target: {fileID: -8679921383154817045, guid: 5e843a8fbe4d64a498f921ea2e31250c,
        type: 3}
      propertyPath: m_LocalRotation.w
      value: 0.6532815
      objectReference: {fileID: 0}
    - target: {fileID: -8679921383154817045, guid: 5e843a8fbe4d64a498f921ea2e31250c,
        type: 3}
      propertyPath: m_LocalRotation.x
      value: 0.6532815
      objectReference: {fileID: 0}
    - target: {fileID: -8679921383154817045, guid: 5e843a8fbe4d64a498f921ea2e31250c,
        type: 3}
      propertyPath: m_LocalRotation.y
      value: -0.27059805
      objectReference: {fileID: 0}
    - target: {fileID: -8679921383154817045, guid: 5e843a8fbe4d64a498f921ea2e31250c,
        type: 3}
      propertyPath: m_LocalRotation.z
      value: 0.27059802
      objectReference: {fileID: 0}
    - target: {fileID: -8679921383154817045, guid: 5e843a8fbe4d64a498f921ea2e31250c,
        type: 3}
      propertyPath: m_LocalEulerAnglesHint.x
      value: 90.00001
      objectReference: {fileID: 0}
    - target: {fileID: -8679921383154817045, guid: 5e843a8fbe4d64a498f921ea2e31250c,
        type: 3}
      propertyPath: m_LocalEulerAnglesHint.y
      value: 0
      objectReference: {fileID: 0}
    - target: {fileID: -8679921383154817045, guid: 5e843a8fbe4d64a498f921ea2e31250c,
        type: 3}
      propertyPath: m_LocalEulerAnglesHint.z
      value: 45
      objectReference: {fileID: 0}
    - target: {fileID: -7635826562936255635, guid: 5e843a8fbe4d64a498f921ea2e31250c,
        type: 3}
      propertyPath: m_Materials.Array.data[0]
      value: 
      objectReference: {fileID: 2100000, guid: c6014d66a3651d7469eccecdc2b56aec, type: 2}
    - target: {fileID: 919132149155446097, guid: 5e843a8fbe4d64a498f921ea2e31250c,
        type: 3}
      propertyPath: m_Name
      value: mesh_Cylinder_8sided (3)
      objectReference: {fileID: 0}
    m_RemovedComponents: []
  m_SourcePrefab: {fileID: 100100000, guid: 5e843a8fbe4d64a498f921ea2e31250c, type: 3}
--- !u!4 &5373350617474653742 stripped
Transform:
  m_CorrespondingSourceObject: {fileID: -8679921383154817045, guid: 5e843a8fbe4d64a498f921ea2e31250c,
    type: 3}
  m_PrefabInstance: {fileID: 5556105585370249669}
  m_PrefabAsset: {fileID: 0}
--- !u!1001 &5595928115240768058
PrefabInstance:
  m_ObjectHideFlags: 0
  serializedVersion: 2
  m_Modification:
    m_TransformParent: {fileID: 6488278582837278281}
    m_Modifications:
    - target: {fileID: -8679921383154817045, guid: 5e843a8fbe4d64a498f921ea2e31250c,
        type: 3}
      propertyPath: m_RootOrder
      value: 0
      objectReference: {fileID: 0}
    - target: {fileID: -8679921383154817045, guid: 5e843a8fbe4d64a498f921ea2e31250c,
        type: 3}
      propertyPath: m_LocalScale.x
      value: 0.18844749
      objectReference: {fileID: 0}
    - target: {fileID: -8679921383154817045, guid: 5e843a8fbe4d64a498f921ea2e31250c,
        type: 3}
      propertyPath: m_LocalScale.y
      value: 0.4891333
      objectReference: {fileID: 0}
    - target: {fileID: -8679921383154817045, guid: 5e843a8fbe4d64a498f921ea2e31250c,
        type: 3}
      propertyPath: m_LocalScale.z
      value: 0.020000001
      objectReference: {fileID: 0}
    - target: {fileID: -8679921383154817045, guid: 5e843a8fbe4d64a498f921ea2e31250c,
        type: 3}
      propertyPath: m_LocalPosition.x
      value: 0.034130096
      objectReference: {fileID: 0}
    - target: {fileID: -8679921383154817045, guid: 5e843a8fbe4d64a498f921ea2e31250c,
        type: 3}
      propertyPath: m_LocalPosition.y
      value: 0.09600001
      objectReference: {fileID: 0}
    - target: {fileID: -8679921383154817045, guid: 5e843a8fbe4d64a498f921ea2e31250c,
        type: 3}
      propertyPath: m_LocalPosition.z
      value: -0.012150865
      objectReference: {fileID: 0}
    - target: {fileID: -8679921383154817045, guid: 5e843a8fbe4d64a498f921ea2e31250c,
        type: 3}
      propertyPath: m_LocalRotation.w
      value: 0.7071068
      objectReference: {fileID: 0}
    - target: {fileID: -8679921383154817045, guid: 5e843a8fbe4d64a498f921ea2e31250c,
        type: 3}
      propertyPath: m_LocalRotation.x
      value: 0.7071068
      objectReference: {fileID: 0}
    - target: {fileID: -8679921383154817045, guid: 5e843a8fbe4d64a498f921ea2e31250c,
        type: 3}
      propertyPath: m_LocalRotation.y
      value: -0
      objectReference: {fileID: 0}
    - target: {fileID: -8679921383154817045, guid: 5e843a8fbe4d64a498f921ea2e31250c,
        type: 3}
      propertyPath: m_LocalRotation.z
      value: -0
      objectReference: {fileID: 0}
    - target: {fileID: -8679921383154817045, guid: 5e843a8fbe4d64a498f921ea2e31250c,
        type: 3}
      propertyPath: m_LocalEulerAnglesHint.x
      value: 90
      objectReference: {fileID: 0}
    - target: {fileID: -8679921383154817045, guid: 5e843a8fbe4d64a498f921ea2e31250c,
        type: 3}
      propertyPath: m_LocalEulerAnglesHint.y
      value: 0
      objectReference: {fileID: 0}
    - target: {fileID: -8679921383154817045, guid: 5e843a8fbe4d64a498f921ea2e31250c,
        type: 3}
      propertyPath: m_LocalEulerAnglesHint.z
      value: 0
      objectReference: {fileID: 0}
    - target: {fileID: -7635826562936255635, guid: 5e843a8fbe4d64a498f921ea2e31250c,
        type: 3}
      propertyPath: m_Materials.Array.data[0]
      value: 
      objectReference: {fileID: 2100000, guid: c6014d66a3651d7469eccecdc2b56aec, type: 2}
    - target: {fileID: 919132149155446097, guid: 5e843a8fbe4d64a498f921ea2e31250c,
        type: 3}
      propertyPath: m_Name
      value: mesh_Cylinder_8sided
      objectReference: {fileID: 0}
    m_RemovedComponents: []
  m_SourcePrefab: {fileID: 100100000, guid: 5e843a8fbe4d64a498f921ea2e31250c, type: 3}
--- !u!4 &5341835980316964305 stripped
Transform:
  m_CorrespondingSourceObject: {fileID: -8679921383154817045, guid: 5e843a8fbe4d64a498f921ea2e31250c,
    type: 3}
  m_PrefabInstance: {fileID: 5595928115240768058}
  m_PrefabAsset: {fileID: 0}
--- !u!1001 &6131939842343904767
PrefabInstance:
  m_ObjectHideFlags: 0
  serializedVersion: 2
  m_Modification:
    m_TransformParent: {fileID: 5305461390107597584}
    m_Modifications:
    - target: {fileID: -8679921383154817045, guid: 5e843a8fbe4d64a498f921ea2e31250c,
        type: 3}
      propertyPath: m_RootOrder
      value: 3
      objectReference: {fileID: 0}
    - target: {fileID: -8679921383154817045, guid: 5e843a8fbe4d64a498f921ea2e31250c,
        type: 3}
      propertyPath: m_LocalScale.x
      value: 0.08515189
      objectReference: {fileID: 0}
    - target: {fileID: -8679921383154817045, guid: 5e843a8fbe4d64a498f921ea2e31250c,
        type: 3}
      propertyPath: m_LocalScale.y
      value: 0.31951654
      objectReference: {fileID: 0}
    - target: {fileID: -8679921383154817045, guid: 5e843a8fbe4d64a498f921ea2e31250c,
        type: 3}
      propertyPath: m_LocalScale.z
      value: 0.020000001
      objectReference: {fileID: 0}
    - target: {fileID: -8679921383154817045, guid: 5e843a8fbe4d64a498f921ea2e31250c,
        type: 3}
      propertyPath: m_LocalPosition.x
      value: -0.178
      objectReference: {fileID: 0}
    - target: {fileID: -8679921383154817045, guid: 5e843a8fbe4d64a498f921ea2e31250c,
        type: 3}
      propertyPath: m_LocalPosition.y
      value: 0.478
      objectReference: {fileID: 0}
    - target: {fileID: -8679921383154817045, guid: 5e843a8fbe4d64a498f921ea2e31250c,
        type: 3}
      propertyPath: m_LocalPosition.z
      value: 0.2
      objectReference: {fileID: 0}
    - target: {fileID: -8679921383154817045, guid: 5e843a8fbe4d64a498f921ea2e31250c,
        type: 3}
      propertyPath: m_LocalRotation.w
      value: 0.65328157
      objectReference: {fileID: 0}
    - target: {fileID: -8679921383154817045, guid: 5e843a8fbe4d64a498f921ea2e31250c,
        type: 3}
      propertyPath: m_LocalRotation.x
      value: 0.6532815
      objectReference: {fileID: 0}
    - target: {fileID: -8679921383154817045, guid: 5e843a8fbe4d64a498f921ea2e31250c,
        type: 3}
      propertyPath: m_LocalRotation.y
      value: 0.27059796
      objectReference: {fileID: 0}
    - target: {fileID: -8679921383154817045, guid: 5e843a8fbe4d64a498f921ea2e31250c,
        type: 3}
      propertyPath: m_LocalRotation.z
      value: -0.27059796
      objectReference: {fileID: 0}
    - target: {fileID: -8679921383154817045, guid: 5e843a8fbe4d64a498f921ea2e31250c,
        type: 3}
      propertyPath: m_LocalEulerAnglesHint.x
      value: 90.00001
      objectReference: {fileID: 0}
    - target: {fileID: -8679921383154817045, guid: 5e843a8fbe4d64a498f921ea2e31250c,
        type: 3}
      propertyPath: m_LocalEulerAnglesHint.y
      value: 0
      objectReference: {fileID: 0}
    - target: {fileID: -8679921383154817045, guid: 5e843a8fbe4d64a498f921ea2e31250c,
        type: 3}
      propertyPath: m_LocalEulerAnglesHint.z
      value: -45.000004
      objectReference: {fileID: 0}
    - target: {fileID: -7635826562936255635, guid: 5e843a8fbe4d64a498f921ea2e31250c,
        type: 3}
      propertyPath: m_Materials.Array.data[0]
      value: 
      objectReference: {fileID: 2100000, guid: c6014d66a3651d7469eccecdc2b56aec, type: 2}
    - target: {fileID: 919132149155446097, guid: 5e843a8fbe4d64a498f921ea2e31250c,
        type: 3}
      propertyPath: m_Name
      value: mesh_Cylinder_8sided (1)
      objectReference: {fileID: 0}
    m_RemovedComponents: []
  m_SourcePrefab: {fileID: 100100000, guid: 5e843a8fbe4d64a498f921ea2e31250c, type: 3}
--- !u!4 &5950310300292235796 stripped
Transform:
  m_CorrespondingSourceObject: {fileID: -8679921383154817045, guid: 5e843a8fbe4d64a498f921ea2e31250c,
    type: 3}
  m_PrefabInstance: {fileID: 6131939842343904767}
  m_PrefabAsset: {fileID: 0}
--- !u!1001 &6336403874295674495
PrefabInstance:
  m_ObjectHideFlags: 0
  serializedVersion: 2
  m_Modification:
    m_TransformParent: {fileID: 7581268755607987336}
    m_Modifications:
    - target: {fileID: -8679921383154817045, guid: 5e843a8fbe4d64a498f921ea2e31250c,
        type: 3}
      propertyPath: m_RootOrder
      value: 1
      objectReference: {fileID: 0}
    - target: {fileID: -8679921383154817045, guid: 5e843a8fbe4d64a498f921ea2e31250c,
        type: 3}
      propertyPath: m_LocalScale.x
      value: 0.18844748
      objectReference: {fileID: 0}
    - target: {fileID: -8679921383154817045, guid: 5e843a8fbe4d64a498f921ea2e31250c,
        type: 3}
      propertyPath: m_LocalScale.y
      value: 0.45211086
      objectReference: {fileID: 0}
    - target: {fileID: -8679921383154817045, guid: 5e843a8fbe4d64a498f921ea2e31250c,
        type: 3}
      propertyPath: m_LocalScale.z
      value: 0.020000001
      objectReference: {fileID: 0}
    - target: {fileID: -8679921383154817045, guid: 5e843a8fbe4d64a498f921ea2e31250c,
        type: 3}
      propertyPath: m_LocalPosition.x
      value: 0.178
      objectReference: {fileID: 0}
    - target: {fileID: -8679921383154817045, guid: 5e843a8fbe4d64a498f921ea2e31250c,
        type: 3}
      propertyPath: m_LocalPosition.y
      value: 0.09600001
      objectReference: {fileID: 0}
    - target: {fileID: -8679921383154817045, guid: 5e843a8fbe4d64a498f921ea2e31250c,
        type: 3}
      propertyPath: m_LocalPosition.z
      value: 0.2
      objectReference: {fileID: 0}
    - target: {fileID: -8679921383154817045, guid: 5e843a8fbe4d64a498f921ea2e31250c,
        type: 3}
      propertyPath: m_LocalRotation.w
      value: 0.6532815
      objectReference: {fileID: 0}
    - target: {fileID: -8679921383154817045, guid: 5e843a8fbe4d64a498f921ea2e31250c,
        type: 3}
      propertyPath: m_LocalRotation.x
      value: 0.6532815
      objectReference: {fileID: 0}
    - target: {fileID: -8679921383154817045, guid: 5e843a8fbe4d64a498f921ea2e31250c,
        type: 3}
      propertyPath: m_LocalRotation.y
      value: -0.27059805
      objectReference: {fileID: 0}
    - target: {fileID: -8679921383154817045, guid: 5e843a8fbe4d64a498f921ea2e31250c,
        type: 3}
      propertyPath: m_LocalRotation.z
      value: 0.27059802
      objectReference: {fileID: 0}
    - target: {fileID: -8679921383154817045, guid: 5e843a8fbe4d64a498f921ea2e31250c,
        type: 3}
      propertyPath: m_LocalEulerAnglesHint.x
      value: 90.00001
      objectReference: {fileID: 0}
    - target: {fileID: -8679921383154817045, guid: 5e843a8fbe4d64a498f921ea2e31250c,
        type: 3}
      propertyPath: m_LocalEulerAnglesHint.y
      value: 0
      objectReference: {fileID: 0}
    - target: {fileID: -8679921383154817045, guid: 5e843a8fbe4d64a498f921ea2e31250c,
        type: 3}
      propertyPath: m_LocalEulerAnglesHint.z
      value: 45
      objectReference: {fileID: 0}
    - target: {fileID: -7635826562936255635, guid: 5e843a8fbe4d64a498f921ea2e31250c,
        type: 3}
      propertyPath: m_Materials.Array.data[0]
      value: 
      objectReference: {fileID: 2100000, guid: c6014d66a3651d7469eccecdc2b56aec, type: 2}
    - target: {fileID: 919132149155446097, guid: 5e843a8fbe4d64a498f921ea2e31250c,
        type: 3}
      propertyPath: m_Name
      value: mesh_Cylinder_8sided (2)
      objectReference: {fileID: 0}
    m_RemovedComponents: []
  m_SourcePrefab: {fileID: 100100000, guid: 5e843a8fbe4d64a498f921ea2e31250c, type: 3}
--- !u!4 &5793270408164675988 stripped
Transform:
  m_CorrespondingSourceObject: {fileID: -8679921383154817045, guid: 5e843a8fbe4d64a498f921ea2e31250c,
    type: 3}
  m_PrefabInstance: {fileID: 6336403874295674495}
  m_PrefabAsset: {fileID: 0}
--- !u!1001 &6465874778844633690
PrefabInstance:
  m_ObjectHideFlags: 0
  serializedVersion: 2
  m_Modification:
    m_TransformParent: {fileID: 5305461390107597584}
    m_Modifications:
    - target: {fileID: -8679921383154817045, guid: 8f1905ea5eb0d6341b1ad7b6a89f138a,
        type: 3}
      propertyPath: m_RootOrder
      value: 1
      objectReference: {fileID: 0}
    - target: {fileID: -8679921383154817045, guid: 8f1905ea5eb0d6341b1ad7b6a89f138a,
        type: 3}
      propertyPath: m_LocalScale.x
      value: 0.26637575
      objectReference: {fileID: 0}
    - target: {fileID: -8679921383154817045, guid: 8f1905ea5eb0d6341b1ad7b6a89f138a,
        type: 3}
      propertyPath: m_LocalScale.y
      value: 0.4891333
      objectReference: {fileID: 0}
    - target: {fileID: -8679921383154817045, guid: 8f1905ea5eb0d6341b1ad7b6a89f138a,
        type: 3}
      propertyPath: m_LocalScale.z
      value: 0.2663757
      objectReference: {fileID: 0}
    - target: {fileID: -8679921383154817045, guid: 8f1905ea5eb0d6341b1ad7b6a89f138a,
        type: 3}
      propertyPath: m_LocalPosition.x
      value: -0.4256235
      objectReference: {fileID: 0}
    - target: {fileID: -8679921383154817045, guid: 8f1905ea5eb0d6341b1ad7b6a89f138a,
        type: 3}
      propertyPath: m_LocalPosition.y
      value: 0.25000006
      objectReference: {fileID: 0}
    - target: {fileID: -8679921383154817045, guid: 8f1905ea5eb0d6341b1ad7b6a89f138a,
        type: 3}
      propertyPath: m_LocalPosition.z
      value: -0
      objectReference: {fileID: 0}
    - target: {fileID: -8679921383154817045, guid: 8f1905ea5eb0d6341b1ad7b6a89f138a,
        type: 3}
      propertyPath: m_LocalRotation.w
      value: 0.5
      objectReference: {fileID: 0}
    - target: {fileID: -8679921383154817045, guid: 8f1905ea5eb0d6341b1ad7b6a89f138a,
        type: 3}
      propertyPath: m_LocalRotation.x
      value: 0.5
      objectReference: {fileID: 0}
    - target: {fileID: -8679921383154817045, guid: 8f1905ea5eb0d6341b1ad7b6a89f138a,
        type: 3}
      propertyPath: m_LocalRotation.y
      value: 0.5000001
      objectReference: {fileID: 0}
    - target: {fileID: -8679921383154817045, guid: 8f1905ea5eb0d6341b1ad7b6a89f138a,
        type: 3}
      propertyPath: m_LocalRotation.z
      value: -0.5
      objectReference: {fileID: 0}
    - target: {fileID: -8679921383154817045, guid: 8f1905ea5eb0d6341b1ad7b6a89f138a,
        type: 3}
      propertyPath: m_LocalEulerAnglesHint.x
      value: 90.00001
      objectReference: {fileID: 0}
    - target: {fileID: -8679921383154817045, guid: 8f1905ea5eb0d6341b1ad7b6a89f138a,
        type: 3}
      propertyPath: m_LocalEulerAnglesHint.y
      value: 0
      objectReference: {fileID: 0}
    - target: {fileID: -8679921383154817045, guid: 8f1905ea5eb0d6341b1ad7b6a89f138a,
        type: 3}
      propertyPath: m_LocalEulerAnglesHint.z
      value: -90.00001
      objectReference: {fileID: 0}
    - target: {fileID: -7635826562936255635, guid: 8f1905ea5eb0d6341b1ad7b6a89f138a,
        type: 3}
      propertyPath: m_Materials.Array.data[0]
      value: 
      objectReference: {fileID: 2100000, guid: 78fb4b8203ab7ff43b8726ea883b00e0, type: 2}
    - target: {fileID: 919132149155446097, guid: 8f1905ea5eb0d6341b1ad7b6a89f138a,
        type: 3}
      propertyPath: m_Name
      value: mesh_Frame6
      objectReference: {fileID: 0}
    m_RemovedComponents: []
  m_SourcePrefab: {fileID: 100100000, guid: 8f1905ea5eb0d6341b1ad7b6a89f138a, type: 3}
--- !u!4 &6787452025896205745 stripped
Transform:
  m_CorrespondingSourceObject: {fileID: -8679921383154817045, guid: 8f1905ea5eb0d6341b1ad7b6a89f138a,
    type: 3}
  m_PrefabInstance: {fileID: 6465874778844633690}
  m_PrefabAsset: {fileID: 0}
--- !u!1001 &7039463706515928233
PrefabInstance:
  m_ObjectHideFlags: 0
  serializedVersion: 2
  m_Modification:
    m_TransformParent: {fileID: 6488278582837278281}
    m_Modifications:
    - target: {fileID: -8679921383154817045, guid: 602fee6963127c84fb00f1876d210d43,
        type: 3}
      propertyPath: m_RootOrder
      value: 4
      objectReference: {fileID: 0}
    - target: {fileID: -8679921383154817045, guid: 602fee6963127c84fb00f1876d210d43,
        type: 3}
      propertyPath: m_LocalScale.x
      value: 0.11909534
      objectReference: {fileID: 0}
    - target: {fileID: -8679921383154817045, guid: 602fee6963127c84fb00f1876d210d43,
        type: 3}
      propertyPath: m_LocalScale.y
      value: 0.11909534
      objectReference: {fileID: 0}
    - target: {fileID: -8679921383154817045, guid: 602fee6963127c84fb00f1876d210d43,
        type: 3}
      propertyPath: m_LocalScale.z
      value: 0.17816663
      objectReference: {fileID: 0}
    - target: {fileID: -8679921383154817045, guid: 602fee6963127c84fb00f1876d210d43,
        type: 3}
      propertyPath: m_LocalPosition.x
      value: 0.035
      objectReference: {fileID: 0}
    - target: {fileID: -8679921383154817045, guid: 602fee6963127c84fb00f1876d210d43,
        type: 3}
      propertyPath: m_LocalPosition.y
      value: 0.43800002
      objectReference: {fileID: 0}
    - target: {fileID: -8679921383154817045, guid: 602fee6963127c84fb00f1876d210d43,
        type: 3}
      propertyPath: m_LocalPosition.z
      value: 0.125
      objectReference: {fileID: 0}
    - target: {fileID: -8679921383154817045, guid: 602fee6963127c84fb00f1876d210d43,
        type: 3}
      propertyPath: m_LocalRotation.w
      value: 0
      objectReference: {fileID: 0}
    - target: {fileID: -8679921383154817045, guid: 602fee6963127c84fb00f1876d210d43,
        type: 3}
      propertyPath: m_LocalRotation.x
      value: -0
      objectReference: {fileID: 0}
    - target: {fileID: -8679921383154817045, guid: 602fee6963127c84fb00f1876d210d43,
        type: 3}
      propertyPath: m_LocalRotation.y
      value: 1
      objectReference: {fileID: 0}
    - target: {fileID: -8679921383154817045, guid: 602fee6963127c84fb00f1876d210d43,
        type: 3}
      propertyPath: m_LocalRotation.z
      value: -0
      objectReference: {fileID: 0}
    - target: {fileID: -8679921383154817045, guid: 602fee6963127c84fb00f1876d210d43,
        type: 3}
      propertyPath: m_LocalEulerAnglesHint.x
      value: 0
      objectReference: {fileID: 0}
    - target: {fileID: -8679921383154817045, guid: 602fee6963127c84fb00f1876d210d43,
        type: 3}
      propertyPath: m_LocalEulerAnglesHint.y
      value: 180
      objectReference: {fileID: 0}
    - target: {fileID: -8679921383154817045, guid: 602fee6963127c84fb00f1876d210d43,
        type: 3}
      propertyPath: m_LocalEulerAnglesHint.z
      value: 0
      objectReference: {fileID: 0}
    - target: {fileID: -7635826562936255635, guid: 602fee6963127c84fb00f1876d210d43,
        type: 3}
      propertyPath: m_Materials.Array.data[0]
      value: 
      objectReference: {fileID: 2100000, guid: a93c19b63c84f1f4cbba5e91a676c985, type: 2}
    - target: {fileID: 919132149155446097, guid: 602fee6963127c84fb00f1876d210d43,
        type: 3}
      propertyPath: m_Name
      value: mesh_Triangle_onesided (1)
      objectReference: {fileID: 0}
    - target: {fileID: 1151388028547126963, guid: 602fee6963127c84fb00f1876d210d43,
        type: 3}
      propertyPath: m_LocalScale.x
      value: 0.5193061
      objectReference: {fileID: 0}
    - target: {fileID: 1151388028547126963, guid: 602fee6963127c84fb00f1876d210d43,
        type: 3}
      propertyPath: m_LocalScale.y
      value: 0.5193061
      objectReference: {fileID: 0}
    - target: {fileID: 1151388028547126963, guid: 602fee6963127c84fb00f1876d210d43,
        type: 3}
      propertyPath: m_LocalScale.z
      value: 0.5193061
      objectReference: {fileID: 0}
    - target: {fileID: 1151388028547126963, guid: 602fee6963127c84fb00f1876d210d43,
        type: 3}
      propertyPath: m_LocalPosition.y
      value: 0.51
      objectReference: {fileID: 0}
    m_RemovedComponents: []
  m_SourcePrefab: {fileID: 100100000, guid: 602fee6963127c84fb00f1876d210d43, type: 3}
--- !u!4 &7366635052037280578 stripped
Transform:
  m_CorrespondingSourceObject: {fileID: -8679921383154817045, guid: 602fee6963127c84fb00f1876d210d43,
    type: 3}
  m_PrefabInstance: {fileID: 7039463706515928233}
  m_PrefabAsset: {fileID: 0}
--- !u!1001 &8730112493104613330
PrefabInstance:
  m_ObjectHideFlags: 0
  serializedVersion: 2
  m_Modification:
    m_TransformParent: {fileID: 8483289549724884266}
    m_Modifications:
    - target: {fileID: -8679921383154817045, guid: 8f1905ea5eb0d6341b1ad7b6a89f138a,
        type: 3}
      propertyPath: m_RootOrder
      value: 0
      objectReference: {fileID: 0}
    - target: {fileID: -8679921383154817045, guid: 8f1905ea5eb0d6341b1ad7b6a89f138a,
        type: 3}
      propertyPath: m_LocalScale.x
      value: 0.26637572
      objectReference: {fileID: 0}
    - target: {fileID: -8679921383154817045, guid: 8f1905ea5eb0d6341b1ad7b6a89f138a,
        type: 3}
      propertyPath: m_LocalScale.y
      value: 0.4891333
      objectReference: {fileID: 0}
    - target: {fileID: -8679921383154817045, guid: 8f1905ea5eb0d6341b1ad7b6a89f138a,
        type: 3}
      propertyPath: m_LocalScale.z
      value: 0.2663757
      objectReference: {fileID: 0}
    - target: {fileID: -8679921383154817045, guid: 8f1905ea5eb0d6341b1ad7b6a89f138a,
        type: 3}
      propertyPath: m_LocalPosition.x
      value: 0.034130096
      objectReference: {fileID: 0}
    - target: {fileID: -8679921383154817045, guid: 8f1905ea5eb0d6341b1ad7b6a89f138a,
        type: 3}
      propertyPath: m_LocalPosition.y
      value: 0.24999994
      objectReference: {fileID: 0}
    - target: {fileID: -8679921383154817045, guid: 8f1905ea5eb0d6341b1ad7b6a89f138a,
        type: 3}
      propertyPath: m_LocalPosition.z
      value: 0.4256235
      objectReference: {fileID: 0}
    - target: {fileID: -8679921383154817045, guid: 8f1905ea5eb0d6341b1ad7b6a89f138a,
        type: 3}
      propertyPath: m_LocalRotation.w
      value: 0.7071068
      objectReference: {fileID: 0}
    - target: {fileID: -8679921383154817045, guid: 8f1905ea5eb0d6341b1ad7b6a89f138a,
        type: 3}
      propertyPath: m_LocalRotation.x
      value: 0.7071068
      objectReference: {fileID: 0}
    - target: {fileID: -8679921383154817045, guid: 8f1905ea5eb0d6341b1ad7b6a89f138a,
        type: 3}
      propertyPath: m_LocalRotation.y
      value: -0
      objectReference: {fileID: 0}
    - target: {fileID: -8679921383154817045, guid: 8f1905ea5eb0d6341b1ad7b6a89f138a,
        type: 3}
      propertyPath: m_LocalRotation.z
      value: -0
      objectReference: {fileID: 0}
    - target: {fileID: -8679921383154817045, guid: 8f1905ea5eb0d6341b1ad7b6a89f138a,
        type: 3}
      propertyPath: m_LocalEulerAnglesHint.x
      value: 0
      objectReference: {fileID: 0}
    - target: {fileID: -8679921383154817045, guid: 8f1905ea5eb0d6341b1ad7b6a89f138a,
        type: 3}
      propertyPath: m_LocalEulerAnglesHint.y
      value: 0
      objectReference: {fileID: 0}
    - target: {fileID: -8679921383154817045, guid: 8f1905ea5eb0d6341b1ad7b6a89f138a,
        type: 3}
      propertyPath: m_LocalEulerAnglesHint.z
      value: 0
      objectReference: {fileID: 0}
    - target: {fileID: -7635826562936255635, guid: 8f1905ea5eb0d6341b1ad7b6a89f138a,
        type: 3}
      propertyPath: m_Materials.Array.data[0]
      value: 
      objectReference: {fileID: 2100000, guid: 78fb4b8203ab7ff43b8726ea883b00e0, type: 2}
    - target: {fileID: 919132149155446097, guid: 8f1905ea5eb0d6341b1ad7b6a89f138a,
        type: 3}
      propertyPath: m_Name
      value: mesh_Frame6 (1)
      objectReference: {fileID: 0}
    m_RemovedComponents: []
  m_SourcePrefab: {fileID: 100100000, guid: 8f1905ea5eb0d6341b1ad7b6a89f138a, type: 3}
--- !u!4 &9128003093589270585 stripped
Transform:
  m_CorrespondingSourceObject: {fileID: -8679921383154817045, guid: 8f1905ea5eb0d6341b1ad7b6a89f138a,
    type: 3}
  m_PrefabInstance: {fileID: 8730112493104613330}
  m_PrefabAsset: {fileID: 0}
--- !u!1001 &8851478010108747788
PrefabInstance:
  m_ObjectHideFlags: 0
  serializedVersion: 2
  m_Modification:
    m_TransformParent: {fileID: 7581268755607987336}
    m_Modifications:
    - target: {fileID: -8679921383154817045, guid: 602fee6963127c84fb00f1876d210d43,
        type: 3}
      propertyPath: m_RootOrder
      value: 2
      objectReference: {fileID: 0}
    - target: {fileID: -8679921383154817045, guid: 602fee6963127c84fb00f1876d210d43,
        type: 3}
      propertyPath: m_LocalScale.x
      value: 0.11909535
      objectReference: {fileID: 0}
    - target: {fileID: -8679921383154817045, guid: 602fee6963127c84fb00f1876d210d43,
        type: 3}
      propertyPath: m_LocalScale.y
      value: 0.11909534
      objectReference: {fileID: 0}
    - target: {fileID: -8679921383154817045, guid: 602fee6963127c84fb00f1876d210d43,
        type: 3}
      propertyPath: m_LocalScale.z
      value: 0.17816663
      objectReference: {fileID: 0}
    - target: {fileID: -8679921383154817045, guid: 602fee6963127c84fb00f1876d210d43,
        type: 3}
      propertyPath: m_LocalPosition.x
      value: 0.175
      objectReference: {fileID: 0}
    - target: {fileID: -8679921383154817045, guid: 602fee6963127c84fb00f1876d210d43,
        type: 3}
      propertyPath: m_LocalPosition.y
      value: 0.43800002
      objectReference: {fileID: 0}
    - target: {fileID: -8679921383154817045, guid: 602fee6963127c84fb00f1876d210d43,
        type: 3}
      propertyPath: m_LocalPosition.z
      value: 0.222
      objectReference: {fileID: 0}
    - target: {fileID: -8679921383154817045, guid: 602fee6963127c84fb00f1876d210d43,
        type: 3}
      propertyPath: m_LocalRotation.w
      value: -0.38268328
      objectReference: {fileID: 0}
    - target: {fileID: -8679921383154817045, guid: 602fee6963127c84fb00f1876d210d43,
        type: 3}
      propertyPath: m_LocalRotation.x
      value: -0
      objectReference: {fileID: 0}
    - target: {fileID: -8679921383154817045, guid: 602fee6963127c84fb00f1876d210d43,
        type: 3}
      propertyPath: m_LocalRotation.y
      value: -0.9238796
      objectReference: {fileID: 0}
    - target: {fileID: -8679921383154817045, guid: 602fee6963127c84fb00f1876d210d43,
        type: 3}
      propertyPath: m_LocalRotation.z
      value: 0
      objectReference: {fileID: 0}
    - target: {fileID: -8679921383154817045, guid: 602fee6963127c84fb00f1876d210d43,
        type: 3}
      propertyPath: m_LocalEulerAnglesHint.x
      value: 0
      objectReference: {fileID: 0}
    - target: {fileID: -8679921383154817045, guid: 602fee6963127c84fb00f1876d210d43,
        type: 3}
      propertyPath: m_LocalEulerAnglesHint.y
      value: -225
      objectReference: {fileID: 0}
    - target: {fileID: -8679921383154817045, guid: 602fee6963127c84fb00f1876d210d43,
        type: 3}
      propertyPath: m_LocalEulerAnglesHint.z
      value: 0
      objectReference: {fileID: 0}
    - target: {fileID: -7635826562936255635, guid: 602fee6963127c84fb00f1876d210d43,
        type: 3}
      propertyPath: m_Materials.Array.data[0]
      value: 
      objectReference: {fileID: 2100000, guid: a93c19b63c84f1f4cbba5e91a676c985, type: 2}
    - target: {fileID: 919132149155446097, guid: 602fee6963127c84fb00f1876d210d43,
        type: 3}
      propertyPath: m_Name
      value: mesh_Triangle_onesided (1)
      objectReference: {fileID: 0}
    - target: {fileID: 1151388028547126963, guid: 602fee6963127c84fb00f1876d210d43,
        type: 3}
      propertyPath: m_LocalScale.x
      value: 0.5193061
      objectReference: {fileID: 0}
    - target: {fileID: 1151388028547126963, guid: 602fee6963127c84fb00f1876d210d43,
        type: 3}
      propertyPath: m_LocalScale.y
      value: 0.5193061
      objectReference: {fileID: 0}
    - target: {fileID: 1151388028547126963, guid: 602fee6963127c84fb00f1876d210d43,
        type: 3}
      propertyPath: m_LocalScale.z
      value: 0.5193061
      objectReference: {fileID: 0}
    - target: {fileID: 1151388028547126963, guid: 602fee6963127c84fb00f1876d210d43,
        type: 3}
      propertyPath: m_LocalPosition.y
      value: 0.51
      objectReference: {fileID: 0}
    m_RemovedComponents: []
  m_SourcePrefab: {fileID: 100100000, guid: 602fee6963127c84fb00f1876d210d43, type: 3}
--- !u!4 &9033232559576434663 stripped
Transform:
  m_CorrespondingSourceObject: {fileID: -8679921383154817045, guid: 602fee6963127c84fb00f1876d210d43,
    type: 3}
  m_PrefabInstance: {fileID: 8851478010108747788}
  m_PrefabAsset: {fileID: 0}
